# Lista de atributos para utilização
# http://mvngu.wordpress.com/category/open-source-software/bibtex/

@Article{ WebStory,
       	author = "CERN - Web Communications",
       	title = "How the web began",
	url = "http://public.web.cern.ch/public/en/about/WebStory-en.html",
       	year = "2008" }

@Article{ W3Cfacts,
	author = "W3C",
	title = "FACTS ABOUT W3C",
	url = "http://www.w3.org/Consortium/facts",
	year = "2012" }

@Article { WebServices,
	author = "Francisco Curbera, William A. Nagy and Sanjiva Weerawarana",
	title = "Web Services: Why and How",
	publisher = "IBM T.J. Watson Research Center",
	url = "https://researcher.ibm.com/files/us-bth/nagy.pdf",
	year = "2001"
}

@Article { HTML5spec,
	author = "W3C",
	title = "HTML5: A vocabulary and associated APIs for HTML and XHTML",
	url = "http://dev.w3.org/html5/spec/single-page.html",
	publisher = "Editor's Draft 1 September 2012",
	year = "2012"
}

@Article { WebPStudy,
	author = "Google",
	title = "Comparative Study of WebP, JPEG and JPEG 2000",
	url = "https://developers.google.com/speed/webp/docs/c_study",
	year = "2010"
}

@misc { WebFaster,
	author = "Google",
	title = "Make the Web Faster",
	url = "https://developers.google.com/speed/",
	year = "2012" 
}

@misc { BrowserStats,
	author = "StatCounter",
	title = "StatCounter Browsers GlobalStat",
	url = "http://gs.statcounter.com/",
	year = "2012"
}

@Article{ TheWorldWideWebBrowser,
	author = "Tim Berners-Lee",
	title = "The WorldWideWeb browser",
	url = "http://www.w3.org/People/Berners-Lee/WorldWideWeb.html"
}

@Article { BloombergGameChangers,
	author = "Bloomberg",
	title = "Bloomberg Game Changers: Marc Andreesen",
	url = "http://www.bloomberg.com/video/67758394",
	note = "Acessado em: 2012-09-03"
}

@Article { ArchitectureWebBrowsers,
	article = "A reference architecture for Web browsers",
	title = "A reference architecture for Web browsers",
	author = "Alan Grosskurth and Michael W. Godfrey",
	publisher = "21st IEEE International Conference on Software Maintenance (ICSM’05)",
	url = "http://ieeexplore.ieee.org/ielx5/10097/32336/01510168.pdf"
}

@Article { WebAppPlataform,
	article = "The Web as an Application Platform: The Saga Continues",
	title = "The Web as an Application Platform: The Saga Continues",
	author = "Antero Taivalsaari and Tommi Mikkonen",
	publisher = "2011 37th EUROMICRO Conference on Software Engineering and Advanced Applications",
	url = "http://ieeexplore.ieee.org/ielx5/6068192/6068309/06068340.pdf"
 }
@book{ HTML5Intro,
	author = "Bruce Lawson \& Remy Sharp",
	title = "Introducing HTML 5",
	edition = "Second Edition",
	publisher = "New Riders",
	year = "2011",
	pages = "11-15"
}

@Article { WebPLossyStudy,
	article = "WebP Compression Study",
	author = "Google",
	title = "WebP Compression Study",
	year = "2012",
	url = "https://developers.google.com/speed/webp/docs/webp_study"
}

@Article { WebPConcept,
	author = "Google",
	title = "WebP, a new image format for the Web",
	year = "2012",
	url = "https://developers.google.com/speed/webp/"
}

@misc { FirefoxBug,
	title = "Implement WebP image support",
	year = "2010",
	url = "https://bugzilla.mozilla.org/show_bug.cgi?id=600919"
}

@misc { WebPCritica,
	title = "Críticas ao WebP",
	author = "Jeff Muizelaar",
	year = "2011",
	url = "http://muizelaar.blogspot.com.br/2011/04/webp.html"
}

@misc { JPEG, 
	title = "Joint Photographic Experts Group, JPEG2000",
	author = "Joint Photographic Experts Group",
	url = "http://www.jpeg.org/jpeg2000/index.html"
}

@misc { HDPhoto,
	title = "Microsoft HD Photo",
	author = "Microsoft",
	url = "http://www.microsoft.com/en-us/download/details.aspx?id=5863"
	}
